<record><leader>00000cas a2200000 a 4500</leader><controlfield tag="001">11136452</controlfield><controlfield tag="008">840910d18831887ksuwr ne      0   a0eng d</controlfield><datafield ind1=" " ind2=" " tag="010"><subfield code="a">sn 84029683 </subfield></datafield><datafield ind1=" " ind2=" " tag="040"><subfield code="a">KSH</subfield><subfield code="b">eng</subfield><subfield code="c">KSH</subfield><subfield code="d">NPT</subfield><subfield code="d">OCL</subfield><subfield code="d">OCLCQ</subfield></datafield><datafield ind1=" " ind2=" " tag="042"><subfield code="a">msc</subfield></datafield><datafield ind1="0" ind2=" " tag="130"><subfield code="a">Kinsley graphic (Kinsley, Kan. : 1883)</subfield></datafield><datafield ind1="1" ind2="0" tag="245"><subfield code="a">Kinsley graphic.</subfield></datafield><datafield ind1="3" ind2="0" tag="246"><subfield code="a">Kinsley weekly graphic</subfield></datafield><datafield ind1=" " ind2=" " tag="260"><subfield code="a">Kinsley, Kan. :</subfield><subfield code="b">C.C. Sellers,</subfield><subfield code="c">1883-</subfield></datafield><datafield ind1=" " ind2=" " tag="300"><subfield code="a">v. :</subfield><subfield code="b">ill. ;</subfield><subfield code="c">60-65 cm.</subfield></datafield><datafield ind1=" " ind2=" " tag="310"><subfield code="a">Weekly</subfield></datafield><datafield ind1="0" ind2=" " tag="362"><subfield code="a">Vol. 6, no. 20 (Mar. 15, 1883)-</subfield></datafield><datafield ind1="1" ind2=" " tag="362"><subfield code="a">Ceased with Sept. 22, 1887 issue?</subfield></datafield><datafield ind1=" " ind2=" " tag="500"><subfield code="a">Published as: Kinsley weekly graphic, May 20-Sept. 9, 1887.</subfield></datafield><datafield ind1=" " ind2=" " tag="500"><subfield code="a">Publisher varies.</subfield></datafield><datafield ind1=" " ind2=" " tag="500"><subfield code="a">"Republican"; "Democratic," Aug. 5, 1885-</subfield></datafield><datafield ind1=" " ind2=" " tag="752"><subfield code="a">United States</subfield><subfield code="b">Kansas</subfield><subfield code="c">Edwards</subfield><subfield code="d">Kinsley.</subfield></datafield><datafield ind1="0" ind2="0" tag="780"><subfield code="t">Kinsley republican-graphic</subfield><subfield code="w">(DLC)sn 84029684</subfield></datafield><datafield ind1="0" ind2="7" tag="785"><subfield code="t">Edwards County banner</subfield><subfield code="w">(DLC)sn 84029658</subfield></datafield><datafield ind1="0" ind2="7" tag="785"><subfield code="t">Banner weekly graphic</subfield><subfield code="w">(DLC)sn 84029660</subfield></datafield></record>